@article{Hellman80,
  title={A cryptanalytic time-memory trade-off},
  author={Hellman, Martin},
  journal={IEEE Transactions on Information Theory},
  volume={26},
  number={4},
  pages={401--406},
  year={1980},
  publisher={IEEE}
}

@inproceedings{FiatNaor91,
  title={Rigorous time/space tradeoffs for inverting functions},
  author={Fiat, Amos and Naor, Moni},
  booktitle={STOC},
  year={1991},
}


@inproceedings{GTLowerBoundsEfficiency2000,
  title = {Lower Bounds on the Efficiency of Generic Cryptographic Constructions},
  booktitle = {{FOCS}},
  author = {Rosario Gennaro and
               Luca Trevisan},
  year = {2000},
}


@inproceedings{CorriganGibbs19,
  title={The function-inversion problem: Barriers and opportunities},
  author={{Corrigan-Gibbs}, Henry and Kogan, Dmitry},
  booktitle={TCC},
  year={2019},
}

@book{Rao20,
  title={Communication Complexity and Applications},
  author={Rao, Anup and Yehudayoff, Amir},
  year={2020},
  publisher={Cambridge University Press}
}

@article{Newman91,
  title={Private vs. common random bits in communication complexity},
  author={Newman, Ilan},
  journal={Information processing letters},
  volume={39},
  number={2},
  pages={67--71},
  year={1991}
}

@inproceedings{Steger98,
  title={{``Balls into bins''}â€”{A} simple and tight analysis},
  author={Raab, Martin and Steger, Angelika},
  booktitle={RANDOM 1998},
  pages={159--170},
  year={1998},
  organization={Springer}
}

@inproceedings{Impagliazzo11,
  title={Relativized separations of worst-case and average-case complexities for NP},
  author={Impagliazzo, Russell},
  booktitle={CCC 2011},
  pages={104--114},
  year={2011},
  organization={IEEE}
}

@article{GKL93,
  title={On the existence of pseudorandom generators},
  author={Goldreich, Oded and Krawczyk, Hugo and Luby, Michael},
  journal={SIAM Journal on Computing},
  volume={22},
  number={6},
  pages={1163--1175},
  year={1993},
  publisher={SIAM}
}

@inproceedings{GGH+DataStructuresMeet2020,
  title = {Data Structures Meet Cryptography: {{3SUM}} with Preprocessing},
  booktitle = {{STOC}},
  author = {Golovnev, Alexander and Guo, Siyao and Horel, Thibaut and Park, Sunoo and Vaikuntanathan, Vinod},
  year = {2020},
}


@inproceedings{CDGSRandomOraclesNonuniformity2018,
  title = {Random Oracles and Non-uniformity},
  booktitle = {Eurocrypt},
  author = {Coretti, Sandro and Dodis, Yevgeniy and Guo, Siyao and Steinberger, John},
  year = {2018},
}



@article{NABTQuantumLowerBound2015,
  title = {Quantum Lower Bound for Inverting a Permutation with Advice},
  author = {Nayebi, Aran and Aaronson, Scott and Belovs, Aleksandrs and Trevisan, Luca},
  journal = {Quantum Information \& Computation},
  volume    = {15},
  number    = {11-12},
  pages     = {901--913},
  year      = {2015},
}


@inproceedings{GGKLConcentrationBoundsAlmost2021,
  title = {Concentration Bounds for Almost K-Wise Independence with Applications to Non-Uniform Security},
  booktitle = {{{SODA}}},
  author = {Gravin, Nick and Guo, Siyao and Kwok, Tsz Chiu and Lu, Pinyan},
  year = {2021},
}

@phdthesis{MitPowerTwoChoices1996,
  title = {The Power of Two Choices in Randomized Load Balancing},
  author = {Mitzenmacher, Michael David},
  year = {1996},
  school = {University of California, Berkeley},
}

@inproceedings{CLQLowerBoundsFunction2020,
  title = {Lower Bounds for Function Inversion with Quantum Advice},
  booktitle = {{{ITC}}},
  author = {Chung, Kai-Min and Liao, Tai-Ning and Qian, Luowen},
  year = {2020},
}




@inproceedings{CGLQTightQuantumTimespace2020,
  title = {Tight Quantum Time-Space Tradeoffs for Function Inversion},
  booktitle = {{{FOCS}}},
  author = {Chung, Kai-Min and Guo, Siyao and Liu, Qipeng and Qian, Luowen},
  year = {2020},
}




@inproceedings{UnrRandomOraclesAuxiliary2007,
  title = {Random Oracles and Auxiliary Input},
  booktitle = {{{CRYPTO}}},
  author = {Unruh, Dominique},
  year = {2007},
}

@inproceedings{CDGNonuniformBoundsRandompermutation2018,
  title = {Non-Uniform Bounds in the Random-Permutation, Ideal-Cipher, and Generic-Group Models},
  booktitle = {{{CRYPTO}}},
  author = {Coretti, Sandro and Dodis, Yevgeniy and Guo, Siyao},
  year = {2018},
}






@inproceedings{MVV87,
  title={Matching is as easy as matrix inversion},
  author={Mulmuley, Ketan and Vazirani, Umesh V. and Vazirani, Vijay V.},
  booktitle={STOC},
  year={1987},
}

@misc{T15,
  title={A simple proof of the Isolation Lemma},
  author={{Ta-Shma}, Noam},
  note={\url{https://eccc.weizmann.ac.il//report/2015/080/}},
  year={2015}
}

@inproceedings{VV85,
  title={{NP} is as easy as detecting unique solutions},
  author={Valiant, Leslie G. and Vazirani, Vijay V.},
  booktitle={STOC},
  year={1985},
}

@inproceedings{Yao90,
  title={Coherent functions and program checkers},
  author={Andrew Chi-Chih Yao},
  booktitle={STOC},
  year={1990}
}

@inproceedings{DGK17,
  author    = {Yevgeniy Dodis and
               Siyao Guo and
               Jonathan Katz},
  title     = {Fixing Cracks in the Concrete: Random Oracles with Auxiliary Input, Revisited},
  booktitle = {EUROCRYPT},
  year = {2017},
}

@inproceedings{DTT10,
  author    = {Anindya De and
               Luca Trevisan and
               Madhur Tulsiani},
  title     = {Time Space Tradeoffs for Attacks against One-Way Functions and {PRGs}},
  booktitle = {CRYPTO},
  year      = {2010},
}



@inproceedings{DKKSDataStructuresLower2021,
  title = {Data Structures Lower Bounds and Popular Conjectures},
  booktitle = {{ESA}},
  author = {Dvo{\v r}{\'a}k, Pavel and Kouck{\'y}, Michal and Kr{\'a}l, Karel and Sl{\'i}vov{\'a}, Veronika},
  year = {2021},
}




@inproceedings{WeeObfuscatingPointFunctions2005,
  title = {On Obfuscating Point Functions},
  booktitle = {{STOC}},
  author = {Wee, Hoeteck},
  year = {2005},
}

@inproceedings{BBSRigorousBoundsCryptanalytic2006,
  title = {Rigorous Bounds on Cryptanalytic Time/Memory Tradeoffs},
  booktitle = {{CRYPTO}},
  author = {Barkan, Elad and Biham, Eli and Shamir, Adi},
  year = {2006},
}

@inproceedings{S95,
  author    = {Daniel A. Spielman},
  title     = {Linear-time encodable and decodable error-correcting codes},
  booktitle = {STOC},
  year      = {1995},
}

@article{justesen1972class,
  title={Class of constructive asymptotically good algebraic codes},
  author={Justesen, J{\o}rn},
  journal={IEEE Transactions on Information Theory},
  volume={18},
  number={5},
  pages={652--656},
  year={1972},
  publisher={IEEE}
}

@book{macwilliams1977theory,
  title={The theory of error-correcting codes},
  author={MacWilliams, Florence Jessie and Sloane, Neil James Alexander},
  year={1977},
  publisher={Elsevier}
}

@article{alon1992construction,
  title={Construction of asymptotically good low-rate error-correcting codes through pseudo-random graphs},
  author={Alon, Noga and Bruck, Jehoshua and Naor, Joseph and Naor, Moni and Roth, Ron M.},
  journal={IEEE Transactions on Information Theory},
  volume={38},
  number={2},
  pages={509--516},
  year={1992}
}

@inproceedings{CHM20,
  title={Lower bounds on the time/memory tradeoff of function inversion},
  author={Chawin, Dror and Haitner, Iftach and Mazor, Noam},
  booktitle={TCC},
  year={2020},
}

@inproceedings{BM81,
  title={How to generate cryptographically strong sequences of pseudo random bits},
  author={Blum, Manuel and Micali, Silvio},
  booktitle={FOCS},
  year={1982},
}

@inproceedings{GL89,
  title={A hard-core predicate for all one-way functions},
  author={Goldreich, Oded and Levin, Leonid A.},
  booktitle={STOC},
  year={1989},
}

@book{Mitzenmacher17,
  title={Probability and computing: Randomization and probabilistic techniques in algorithms and data analysis},
  author={Mitzenmacher, Michael and Upfal, Eli},
  year={2017},
  publisher={Cambridge University Press}
}

@unpublished{PH21,
  author = {Spencer Peters and Joseph Y. Halpern},
  title = {Causal models with infinitely many variables},
  year = {2021},
  note = {Available at https://arxiv.org/abs/2112.09171}
}

@article{HP21,
  author = {Joseph Y. Halpern and Spencer Peters},
  title = {Reasoning about causal models with infinitely many variables},
  year = {2022},
  journal = {AAAI},
  note = {Available at https://arxiv.org/abs/2112.11362}
}

@unpublished{S2DPreprint,
  author = {Alexander Golovnev and Siyao Guo and Spencer Peters and Noah Stephens{-}Davidowitz},
  title = {The (im)possibility of simple search-to-decision reductions for approximate optimization},
  year = {2021},
  note = {Available at https://eccc.weizmann.ac.il/report/2021/141/}
}

@unpublished{FIPreprint,
author = {Alexander Golovnev and Siyao Guo and Spencer Peters and Noah Stephens{-}Davidowitz},
title = {Revisiting Time-Space Tradeoffs for Function Inversion},
year = {2022},
note = {Available at \url{https://eccc.weizmann.ac.il/report/2022/145/}}
}
